%YAML 1.1
%TAG !u! tag:unity3d.com,2011:
--- !u!1 &5622866425435312802
GameObject:
  m_ObjectHideFlags: 0
  m_CorrespondingSourceObject: {fileID: 0}
  m_PrefabInstance: {fileID: 0}
  m_PrefabAsset: {fileID: 0}
  serializedVersion: 6
  m_Component:
  - component: {fileID: 3203689445860095132}
  m_Layer: 0
  m_Name: BlackSmith2Ruin
  m_TagString: Untagged
  m_Icon: {fileID: 0}
  m_NavMeshLayer: 0
  m_StaticEditorFlags: 0
  m_IsActive: 1
--- !u!4 &3203689445860095132
Transform:
  m_ObjectHideFlags: 0
  m_CorrespondingSourceObject: {fileID: 0}
  m_PrefabInstance: {fileID: 0}
  m_PrefabAsset: {fileID: 0}
  m_GameObject: {fileID: 5622866425435312802}
  m_LocalRotation: {x: 0, y: 0, z: 0, w: 1}
  m_LocalPosition: {x: 0, y: 0, z: 0}
  m_LocalScale: {x: 1, y: 1, z: 1}
  m_Children:
  - {fileID: 2829080122611357899}
  - {fileID: 8952144043184375021}
  - {fileID: 3103156355373462040}
  - {fileID: 5938090498784435772}
  - {fileID: 3745638600887386685}
  - {fileID: 5058106623314951986}
  - {fileID: 3191183705786700453}
  - {fileID: 1076082321494237456}
  - {fileID: 8361295266934497155}
  - {fileID: 5211396682321869648}
  - {fileID: 6849202048107527046}
  - {fileID: 4264433476661971832}
  - {fileID: 4361266508883195115}
  - {fileID: 6125681686635972210}
  - {fileID: 1375087961083894560}
  - {fileID: 6525265296957472045}
  - {fileID: 7482934504682581652}
  - {fileID: 757823644660810573}
  - {fileID: 8587769185291728749}
  - {fileID: 830104099000085930}
  m_Father: {fileID: 0}
  m_RootOrder: 0
  m_LocalEulerAnglesHint: {x: 0, y: 0, z: 0}
--- !u!1001 &759968145051998097
PrefabInstance:
  m_ObjectHideFlags: 0
  serializedVersion: 2
  m_Modification:
    m_TransformParent: {fileID: 3203689445860095132}
    m_Modifications:
    - target: {fileID: 1928515829309520, guid: ae72bb936360ae04690ae84f38e565e0, type: 3}
      propertyPath: m_Name
      value: TB_Prop_Kindling
      objectReference: {fileID: 0}
    - target: {fileID: 4406390156793052, guid: ae72bb936360ae04690ae84f38e565e0, type: 3}
      propertyPath: m_LocalPosition.x
      value: -4
      objectReference: {fileID: 0}
    - target: {fileID: 4406390156793052, guid: ae72bb936360ae04690ae84f38e565e0, type: 3}
      propertyPath: m_LocalPosition.y
      value: 0.56
      objectReference: {fileID: 0}
    - target: {fileID: 4406390156793052, guid: ae72bb936360ae04690ae84f38e565e0, type: 3}
      propertyPath: m_LocalPosition.z
      value: 1.12
      objectReference: {fileID: 0}
    - target: {fileID: 4406390156793052, guid: ae72bb936360ae04690ae84f38e565e0, type: 3}
      propertyPath: m_LocalRotation.x
      value: -0.22887878
      objectReference: {fileID: 0}
    - target: {fileID: 4406390156793052, guid: ae72bb936360ae04690ae84f38e565e0, type: 3}
      propertyPath: m_LocalRotation.y
      value: -0.045174252
      objectReference: {fileID: 0}
    - target: {fileID: 4406390156793052, guid: ae72bb936360ae04690ae84f38e565e0, type: 3}
      propertyPath: m_LocalRotation.z
      value: 0.18829316
      objectReference: {fileID: 0}
    - target: {fileID: 4406390156793052, guid: ae72bb936360ae04690ae84f38e565e0, type: 3}
      propertyPath: m_LocalRotation.w
      value: 0.95400184
      objectReference: {fileID: 0}
    - target: {fileID: 4406390156793052, guid: ae72bb936360ae04690ae84f38e565e0, type: 3}
      propertyPath: m_RootOrder
      value: 17
      objectReference: {fileID: 0}
    - target: {fileID: 4406390156793052, guid: ae72bb936360ae04690ae84f38e565e0, type: 3}
      propertyPath: m_LocalEulerAnglesHint.x
      value: -24.815
      objectReference: {fileID: 0}
    - target: {fileID: 4406390156793052, guid: ae72bb936360ae04690ae84f38e565e0, type: 3}
      propertyPath: m_LocalEulerAnglesHint.y
      value: -10.948
      objectReference: {fileID: 0}
    - target: {fileID: 4406390156793052, guid: ae72bb936360ae04690ae84f38e565e0, type: 3}
      propertyPath: m_LocalEulerAnglesHint.z
      value: 24.746
      objectReference: {fileID: 0}
    m_RemovedComponents: []
  m_SourcePrefab: {fileID: 100100000, guid: ae72bb936360ae04690ae84f38e565e0, type: 3}
--- !u!4 &757823644660810573 stripped
Transform:
  m_CorrespondingSourceObject: {fileID: 4406390156793052, guid: ae72bb936360ae04690ae84f38e565e0, type: 3}
  m_PrefabInstance: {fileID: 759968145051998097}
  m_PrefabAsset: {fileID: 0}
--- !u!1001 &834441951542973748
PrefabInstance:
  m_ObjectHideFlags: 0
  serializedVersion: 2
  m_Modification:
    m_TransformParent: {fileID: 3203689445860095132}
    m_Modifications:
    - target: {fileID: 1279400712961286, guid: 2e0774b9a7a6800498b28c53f5957a2f, type: 3}
      propertyPath: m_Name
      value: TB_Bd_Wood_Roof
      objectReference: {fileID: 0}
    - target: {fileID: 4951989919807646, guid: 2e0774b9a7a6800498b28c53f5957a2f, type: 3}
      propertyPath: m_LocalPosition.x
      value: -1.91
      objectReference: {fileID: 0}
    - target: {fileID: 4951989919807646, guid: 2e0774b9a7a6800498b28c53f5957a2f, type: 3}
      propertyPath: m_LocalPosition.y
      value: -0.07
      objectReference: {fileID: 0}
    - target: {fileID: 4951989919807646, guid: 2e0774b9a7a6800498b28c53f5957a2f, type: 3}
      propertyPath: m_LocalPosition.z
      value: -1.53
      objectReference: {fileID: 0}
    - target: {fileID: 4951989919807646, guid: 2e0774b9a7a6800498b28c53f5957a2f, type: 3}
      propertyPath: m_LocalRotation.x
      value: 0.000000020464919
      objectReference: {fileID: 0}
    - target: {fileID: 4951989919807646, guid: 2e0774b9a7a6800498b28c53f5957a2f, type: 3}
      propertyPath: m_LocalRotation.y
      value: 0.000000007671928
      objectReference: {fileID: 0}
    - target: {fileID: 4951989919807646, guid: 2e0774b9a7a6800498b28c53f5957a2f, type: 3}
      propertyPath: m_LocalRotation.z
      value: -0.3510265
      objectReference: {fileID: 0}
    - target: {fileID: 4951989919807646, guid: 2e0774b9a7a6800498b28c53f5957a2f, type: 3}
      propertyPath: m_LocalRotation.w
      value: 0.93636554
      objectReference: {fileID: 0}
    - target: {fileID: 4951989919807646, guid: 2e0774b9a7a6800498b28c53f5957a2f, type: 3}
      propertyPath: m_RootOrder
      value: 19
      objectReference: {fileID: 0}
    - target: {fileID: 4951989919807646, guid: 2e0774b9a7a6800498b28c53f5957a2f, type: 3}
      propertyPath: m_LocalEulerAnglesHint.x
      value: 0
      objectReference: {fileID: 0}
    - target: {fileID: 4951989919807646, guid: 2e0774b9a7a6800498b28c53f5957a2f, type: 3}
      propertyPath: m_LocalEulerAnglesHint.y
      value: 0
      objectReference: {fileID: 0}
    - target: {fileID: 4951989919807646, guid: 2e0774b9a7a6800498b28c53f5957a2f, type: 3}
      propertyPath: m_LocalEulerAnglesHint.z
      value: -41.1
      objectReference: {fileID: 0}
    m_RemovedComponents: []
  m_SourcePrefab: {fileID: 100100000, guid: 2e0774b9a7a6800498b28c53f5957a2f, type: 3}
--- !u!4 &830104099000085930 stripped
Transform:
  m_CorrespondingSourceObject: {fileID: 4951989919807646, guid: 2e0774b9a7a6800498b28c53f5957a2f, type: 3}
  m_PrefabInstance: {fileID: 834441951542973748}
  m_PrefabAsset: {fileID: 0}
--- !u!1001 &1071907594318564700
PrefabInstance:
  m_ObjectHideFlags: 0
  serializedVersion: 2
  m_Modification:
    m_TransformParent: {fileID: 3203689445860095132}
    m_Modifications:
    - target: {fileID: 1871096255736728, guid: 8a1785ca157ae954c9a4b09c3c236f01, type: 3}
      propertyPath: m_Name
      value: TB_Bd_Door
      objectReference: {fileID: 0}
    - target: {fileID: 4272069061323852, guid: 8a1785ca157ae954c9a4b09c3c236f01, type: 3}
      propertyPath: m_LocalPosition.x
      value: 2.04
      objectReference: {fileID: 0}
    - target: {fileID: 4272069061323852, guid: 8a1785ca157ae954c9a4b09c3c236f01, type: 3}
      propertyPath: m_LocalPosition.y
      value: -0.02000001
      objectReference: {fileID: 0}
    - target: {fileID: 4272069061323852, guid: 8a1785ca157ae954c9a4b09c3c236f01, type: 3}
      propertyPath: m_LocalPosition.z
      value: -0.98
      objectReference: {fileID: 0}
    - target: {fileID: 4272069061323852, guid: 8a1785ca157ae954c9a4b09c3c236f01, type: 3}
      propertyPath: m_LocalRotation.x
      value: -0
      objectReference: {fileID: 0}
    - target: {fileID: 4272069061323852, guid: 8a1785ca157ae954c9a4b09c3c236f01, type: 3}
      propertyPath: m_LocalRotation.y
      value: 0.7071069
      objectReference: {fileID: 0}
    - target: {fileID: 4272069061323852, guid: 8a1785ca157ae954c9a4b09c3c236f01, type: 3}
      propertyPath: m_LocalRotation.z
      value: -0
      objectReference: {fileID: 0}
    - target: {fileID: 4272069061323852, guid: 8a1785ca157ae954c9a4b09c3c236f01, type: 3}
      propertyPath: m_LocalRotation.w
      value: -0.7071067
      objectReference: {fileID: 0}
    - target: {fileID: 4272069061323852, guid: 8a1785ca157ae954c9a4b09c3c236f01, type: 3}
      propertyPath: m_RootOrder
      value: 7
      objectReference: {fileID: 0}
    - target: {fileID: 4272069061323852, guid: 8a1785ca157ae954c9a4b09c3c236f01, type: 3}
      propertyPath: m_LocalEulerAnglesHint.x
      value: 0
      objectReference: {fileID: 0}
    - target: {fileID: 4272069061323852, guid: 8a1785ca157ae954c9a4b09c3c236f01, type: 3}
      propertyPath: m_LocalEulerAnglesHint.y
      value: 270
      objectReference: {fileID: 0}
    - target: {fileID: 4272069061323852, guid: 8a1785ca157ae954c9a4b09c3c236f01, type: 3}
      propertyPath: m_LocalEulerAnglesHint.z
      value: 0
      objectReference: {fileID: 0}
    - target: {fileID: 4544846745238312, guid: 8a1785ca157ae954c9a4b09c3c236f01, type: 3}
      propertyPath: m_LocalRotation.y
      value: 0.96592593
      objectReference: {fileID: 0}
    - target: {fileID: 4544846745238312, guid: 8a1785ca157ae954c9a4b09c3c236f01, type: 3}
      propertyPath: m_LocalRotation.z
      value: 0.000000021110974
      objectReference: {fileID: 0}
    - target: {fileID: 4544846745238312, guid: 8a1785ca157ae954c9a4b09c3c236f01, type: 3}
      propertyPath: m_LocalRotation.x
      value: 0.000000005656669
      objectReference: {fileID: 0}
    - target: {fileID: 4544846745238312, guid: 8a1785ca157ae954c9a4b09c3c236f01, type: 3}
      propertyPath: m_LocalRotation.w
      value: 0.25881898
      objectReference: {fileID: 0}
    - target: {fileID: 4544846745238312, guid: 8a1785ca157ae954c9a4b09c3c236f01, type: 3}
      propertyPath: m_LocalEulerAnglesHint.y
      value: 150
      objectReference: {fileID: 0}
    m_RemovedComponents: []
  m_SourcePrefab: {fileID: 100100000, guid: 8a1785ca157ae954c9a4b09c3c236f01, type: 3}
--- !u!4 &1076082321494237456 stripped
Transform:
  m_CorrespondingSourceObject: {fileID: 4272069061323852, guid: 8a1785ca157ae954c9a4b09c3c236f01, type: 3}
  m_PrefabInstance: {fileID: 1071907594318564700}
  m_PrefabAsset: {fileID: 0}
--- !u!1001 &1376476280789433344
PrefabInstance:
  m_ObjectHideFlags: 0
  serializedVersion: 2
  m_Modification:
    m_TransformParent: {fileID: 3203689445860095132}
    m_Modifications:
    - target: {fileID: 1020714749810046, guid: 1208a6bd30f27994fbb899a643e2b9d9, type: 3}
      propertyPath: m_Name
      value: TB_Prop_Chest_Open_B
      objectReference: {fileID: 0}
    - target: {fileID: 4348385438344992, guid: 1208a6bd30f27994fbb899a643e2b9d9, type: 3}
      propertyPath: m_LocalPosition.x
      value: 3.53
      objectReference: {fileID: 0}
    - target: {fileID: 4348385438344992, guid: 1208a6bd30f27994fbb899a643e2b9d9, type: 3}
      propertyPath: m_LocalPosition.y
      value: 0.42
      objectReference: {fileID: 0}
    - target: {fileID: 4348385438344992, guid: 1208a6bd30f27994fbb899a643e2b9d9, type: 3}
      propertyPath: m_LocalPosition.z
      value: 0.9
      objectReference: {fileID: 0}
    - target: {fileID: 4348385438344992, guid: 1208a6bd30f27994fbb899a643e2b9d9, type: 3}
      propertyPath: m_LocalRotation.x
      value: -0.35562235
      objectReference: {fileID: 0}
    - target: {fileID: 4348385438344992, guid: 1208a6bd30f27994fbb899a643e2b9d9, type: 3}
      propertyPath: m_LocalRotation.y
      value: -0.37784246
      objectReference: {fileID: 0}
    - target: {fileID: 4348385438344992, guid: 1208a6bd30f27994fbb899a643e2b9d9, type: 3}
      propertyPath: m_LocalRotation.z
      value: -0.83880264
      objectReference: {fileID: 0}
    - target: {fileID: 4348385438344992, guid: 1208a6bd30f27994fbb899a643e2b9d9, type: 3}
      propertyPath: m_LocalRotation.w
      value: 0.16485769
      objectReference: {fileID: 0}
    - target: {fileID: 4348385438344992, guid: 1208a6bd30f27994fbb899a643e2b9d9, type: 3}
      propertyPath: m_RootOrder
      value: 14
      objectReference: {fileID: 0}
    - target: {fileID: 4348385438344992, guid: 1208a6bd30f27994fbb899a643e2b9d9, type: 3}
      propertyPath: m_LocalEulerAnglesHint.x
      value: -48.688
      objectReference: {fileID: 0}
    - target: {fileID: 4348385438344992, guid: 1208a6bd30f27994fbb899a643e2b9d9, type: 3}
      propertyPath: m_LocalEulerAnglesHint.y
      value: 45.643
      objectReference: {fileID: 0}
    - target: {fileID: 4348385438344992, guid: 1208a6bd30f27994fbb899a643e2b9d9, type: 3}
      propertyPath: m_LocalEulerAnglesHint.z
      value: -179.321
      objectReference: {fileID: 0}
    m_RemovedComponents: []
  m_SourcePrefab: {fileID: 100100000, guid: 1208a6bd30f27994fbb899a643e2b9d9, type: 3}
--- !u!4 &1375087961083894560 stripped
Transform:
  m_CorrespondingSourceObject: {fileID: 4348385438344992, guid: 1208a6bd30f27994fbb899a643e2b9d9, type: 3}
  m_PrefabInstance: {fileID: 1376476280789433344}
  m_PrefabAsset: {fileID: 0}
--- !u!1001 &2831920786236752241
PrefabInstance:
  m_ObjectHideFlags: 0
  serializedVersion: 2
  m_Modification:
    m_TransformParent: {fileID: 3203689445860095132}
    m_Modifications:
    - target: {fileID: 1863225112328648, guid: 5773b111c0304484a9d5c79df834ef2e, type: 3}
      propertyPath: m_Name
      value: TB_Env_Tile_Grass_A
      objectReference: {fileID: 0}
    - target: {fileID: 4478940256246202, guid: 5773b111c0304484a9d5c79df834ef2e, type: 3}
      propertyPath: m_LocalPosition.x
      value: -5
      objectReference: {fileID: 0}
    - target: {fileID: 4478940256246202, guid: 5773b111c0304484a9d5c79df834ef2e, type: 3}
      propertyPath: m_LocalPosition.y
      value: 0
      objectReference: {fileID: 0}
    - target: {fileID: 4478940256246202, guid: 5773b111c0304484a9d5c79df834ef2e, type: 3}
      propertyPath: m_LocalPosition.z
      value: -5
      objectReference: {fileID: 0}
    - target: {fileID: 4478940256246202, guid: 5773b111c0304484a9d5c79df834ef2e, type: 3}
      propertyPath: m_LocalRotation.x
      value: 0.000000021855694
      objectReference: {fileID: 0}
    - target: {fileID: 4478940256246202, guid: 5773b111c0304484a9d5c79df834ef2e, type: 3}
      propertyPath: m_LocalRotation.y
      value: -0
      objectReference: {fileID: 0}
    - target: {fileID: 4478940256246202, guid: 5773b111c0304484a9d5c79df834ef2e, type: 3}
      propertyPath: m_LocalRotation.z
      value: -0
      objectReference: {fileID: 0}
    - target: {fileID: 4478940256246202, guid: 5773b111c0304484a9d5c79df834ef2e, type: 3}
      propertyPath: m_LocalRotation.w
      value: 1
      objectReference: {fileID: 0}
    - target: {fileID: 4478940256246202, guid: 5773b111c0304484a9d5c79df834ef2e, type: 3}
      propertyPath: m_RootOrder
      value: 0
      objectReference: {fileID: 0}
    - target: {fileID: 4478940256246202, guid: 5773b111c0304484a9d5c79df834ef2e, type: 3}
      propertyPath: m_LocalEulerAnglesHint.x
      value: 0
      objectReference: {fileID: 0}
    - target: {fileID: 4478940256246202, guid: 5773b111c0304484a9d5c79df834ef2e, type: 3}
      propertyPath: m_LocalEulerAnglesHint.y
      value: 0
      objectReference: {fileID: 0}
    - target: {fileID: 4478940256246202, guid: 5773b111c0304484a9d5c79df834ef2e, type: 3}
      propertyPath: m_LocalEulerAnglesHint.z
      value: 0
      objectReference: {fileID: 0}
    - target: {fileID: 4478940256246202, guid: 5773b111c0304484a9d5c79df834ef2e, type: 3}
      propertyPath: m_LocalScale.x
      value: 0.5
      objectReference: {fileID: 0}
    - target: {fileID: 4478940256246202, guid: 5773b111c0304484a9d5c79df834ef2e, type: 3}
      propertyPath: m_LocalScale.z
      value: 0.5
      objectReference: {fileID: 0}
    m_RemovedComponents: []
  m_SourcePrefab: {fileID: 100100000, guid: 5773b111c0304484a9d5c79df834ef2e, type: 3}
--- !u!4 &2829080122611357899 stripped
Transform:
  m_CorrespondingSourceObject: {fileID: 4478940256246202, guid: 5773b111c0304484a9d5c79df834ef2e, type: 3}
  m_PrefabInstance: {fileID: 2831920786236752241}
  m_PrefabAsset: {fileID: 0}
--- !u!1001 &3106941089784523310
PrefabInstance:
  m_ObjectHideFlags: 0
  serializedVersion: 2
  m_Modification:
    m_TransformParent: {fileID: 3203689445860095132}
    m_Modifications:
    - target: {fileID: 1364371642491254, guid: 798607f91e194204caa6948600a99b00, type: 3}
      propertyPath: m_Name
      value: TB_Env_Mound_Med_C
      objectReference: {fileID: 0}
    - target: {fileID: 4136595446569014, guid: 798607f91e194204caa6948600a99b00, type: 3}
      propertyPath: m_LocalPosition.x
      value: -1.374
      objectReference: {fileID: 0}
    - target: {fileID: 4136595446569014, guid: 798607f91e194204caa6948600a99b00, type: 3}
      propertyPath: m_LocalPosition.y
      value: -0.275
      objectReference: {fileID: 0}
    - target: {fileID: 4136595446569014, guid: 798607f91e194204caa6948600a99b00, type: 3}
      propertyPath: m_LocalPosition.z
      value: 0.446
      objectReference: {fileID: 0}
    - target: {fileID: 4136595446569014, guid: 798607f91e194204caa6948600a99b00, type: 3}
      propertyPath: m_LocalRotation.x
      value: 0.000000021855694
      objectReference: {fileID: 0}
    - target: {fileID: 4136595446569014, guid: 798607f91e194204caa6948600a99b00, type: 3}
      propertyPath: m_LocalRotation.y
      value: -0
      objectReference: {fileID: 0}
    - target: {fileID: 4136595446569014, guid: 798607f91e194204caa6948600a99b00, type: 3}
      propertyPath: m_LocalRotation.z
      value: -0
      objectReference: {fileID: 0}
    - target: {fileID: 4136595446569014, guid: 798607f91e194204caa6948600a99b00, type: 3}
      propertyPath: m_LocalRotation.w
      value: 1
      objectReference: {fileID: 0}
    - target: {fileID: 4136595446569014, guid: 798607f91e194204caa6948600a99b00, type: 3}
      propertyPath: m_RootOrder
      value: 2
      objectReference: {fileID: 0}
    - target: {fileID: 4136595446569014, guid: 798607f91e194204caa6948600a99b00, type: 3}
      propertyPath: m_LocalEulerAnglesHint.x
      value: 0
      objectReference: {fileID: 0}
    - target: {fileID: 4136595446569014, guid: 798607f91e194204caa6948600a99b00, type: 3}
      propertyPath: m_LocalEulerAnglesHint.y
      value: 0
      objectReference: {fileID: 0}
    - target: {fileID: 4136595446569014, guid: 798607f91e194204caa6948600a99b00, type: 3}
      propertyPath: m_LocalEulerAnglesHint.z
      value: 0
      objectReference: {fileID: 0}
    - target: {fileID: 4136595446569014, guid: 798607f91e194204caa6948600a99b00, type: 3}
      propertyPath: m_LocalScale.x
      value: 0.36914
      objectReference: {fileID: 0}
    - target: {fileID: 4136595446569014, guid: 798607f91e194204caa6948600a99b00, type: 3}
      propertyPath: m_LocalScale.z
      value: 0.65476996
      objectReference: {fileID: 0}
    - target: {fileID: 4136595446569014, guid: 798607f91e194204caa6948600a99b00, type: 3}
      propertyPath: m_LocalScale.y
      value: 0.36075
      objectReference: {fileID: 0}
    m_RemovedComponents: []
  m_SourcePrefab: {fileID: 100100000, guid: 798607f91e194204caa6948600a99b00, type: 3}
--- !u!4 &3103156355373462040 stripped
Transform:
  m_CorrespondingSourceObject: {fileID: 4136595446569014, guid: 798607f91e194204caa6948600a99b00, type: 3}
  m_PrefabInstance: {fileID: 3106941089784523310}
  m_PrefabAsset: {fileID: 0}
--- !u!1001 &3195562930067042059
PrefabInstance:
  m_ObjectHideFlags: 0
  serializedVersion: 2
  m_Modification:
    m_TransformParent: {fileID: 3203689445860095132}
    m_Modifications:
    - target: {fileID: 1431781001218250, guid: 4f93c3cafd79475418f2cbfcb05c3028, type: 3}
      propertyPath: m_Name
      value: TB_Bd_Blacksmith
      objectReference: {fileID: 0}
    - target: {fileID: 4986430797594030, guid: 4f93c3cafd79475418f2cbfcb05c3028, type: 3}
      propertyPath: m_LocalPosition.x
      value: 3.7379153
      objectReference: {fileID: 0}
    - target: {fileID: 4986430797594030, guid: 4f93c3cafd79475418f2cbfcb05c3028, type: 3}
      propertyPath: m_LocalPosition.y
      value: -0.029999882
      objectReference: {fileID: 0}
    - target: {fileID: 4986430797594030, guid: 4f93c3cafd79475418f2cbfcb05c3028, type: 3}
      propertyPath: m_LocalPosition.z
      value: -3.2474065
      objectReference: {fileID: 0}
    - target: {fileID: 4986430797594030, guid: 4f93c3cafd79475418f2cbfcb05c3028, type: 3}
      propertyPath: m_LocalRotation.x
      value: 1.2824009e-14
      objectReference: {fileID: 0}
    - target: {fileID: 4986430797594030, guid: 4f93c3cafd79475418f2cbfcb05c3028, type: 3}
      propertyPath: m_LocalRotation.y
      value: 1
      objectReference: {fileID: 0}
    - target: {fileID: 4986430797594030, guid: 4f93c3cafd79475418f2cbfcb05c3028, type: 3}
      propertyPath: m_LocalRotation.z
      value: 0.000000021855696
      objectReference: {fileID: 0}
    - target: {fileID: 4986430797594030, guid: 4f93c3cafd79475418f2cbfcb05c3028, type: 3}
      propertyPath: m_LocalRotation.w
      value: 0.00000058114523
      objectReference: {fileID: 0}
    - target: {fileID: 4986430797594030, guid: 4f93c3cafd79475418f2cbfcb05c3028, type: 3}
      propertyPath: m_RootOrder
      value: 6
      objectReference: {fileID: 0}
    - target: {fileID: 4986430797594030, guid: 4f93c3cafd79475418f2cbfcb05c3028, type: 3}
      propertyPath: m_LocalEulerAnglesHint.x
      value: 0
      objectReference: {fileID: 0}
    - target: {fileID: 4986430797594030, guid: 4f93c3cafd79475418f2cbfcb05c3028, type: 3}
      propertyPath: m_LocalEulerAnglesHint.y
      value: 180
      objectReference: {fileID: 0}
    - target: {fileID: 4986430797594030, guid: 4f93c3cafd79475418f2cbfcb05c3028, type: 3}
      propertyPath: m_LocalEulerAnglesHint.z
      value: 0
      objectReference: {fileID: 0}
    - target: {fileID: 4986430797594030, guid: 4f93c3cafd79475418f2cbfcb05c3028, type: 3}
      propertyPath: m_LocalScale.x
      value: 0.39999998
      objectReference: {fileID: 0}
    - target: {fileID: 4986430797594030, guid: 4f93c3cafd79475418f2cbfcb05c3028, type: 3}
      propertyPath: m_LocalScale.y
      value: 0.39999998
      objectReference: {fileID: 0}
    - target: {fileID: 4986430797594030, guid: 4f93c3cafd79475418f2cbfcb05c3028, type: 3}
      propertyPath: m_LocalScale.z
      value: 0.39999998
      objectReference: {fileID: 0}
    m_RemovedComponents: []
  m_SourcePrefab: {fileID: 100100000, guid: 4f93c3cafd79475418f2cbfcb05c3028, type: 3}
--- !u!4 &3191183705786700453 stripped
Transform:
  m_CorrespondingSourceObject: {fileID: 4986430797594030, guid: 4f93c3cafd79475418f2cbfcb05c3028, type: 3}
  m_PrefabInstance: {fileID: 3195562930067042059}
  m_PrefabAsset: {fileID: 0}
--- !u!1001 &3745638600887523517
PrefabInstance:
  m_ObjectHideFlags: 0
  serializedVersion: 2
  m_Modification:
    m_TransformParent: {fileID: 3203689445860095132}
    m_Modifications:
    - target: {fileID: 100000, guid: 32fc8dc9e92fd014dba869bac1f6e9e0, type: 3}
      propertyPath: m_Name
      value: TB_Prop_Sign_Blacksmith
      objectReference: {fileID: 0}
    - target: {fileID: 400000, guid: 32fc8dc9e92fd014dba869bac1f6e9e0, type: 3}
      propertyPath: m_LocalPosition.x
      value: 0.44
      objectReference: {fileID: 0}
    - target: {fileID: 400000, guid: 32fc8dc9e92fd014dba869bac1f6e9e0, type: 3}
      propertyPath: m_LocalPosition.y
      value: 0.48
      objectReference: {fileID: 0}
    - target: {fileID: 400000, guid: 32fc8dc9e92fd014dba869bac1f6e9e0, type: 3}
      propertyPath: m_LocalPosition.z
      value: 3.37
      objectReference: {fileID: 0}
    - target: {fileID: 400000, guid: 32fc8dc9e92fd014dba869bac1f6e9e0, type: 3}
      propertyPath: m_LocalRotation.x
      value: -0.49695423
      objectReference: {fileID: 0}
    - target: {fileID: 400000, guid: 32fc8dc9e92fd014dba869bac1f6e9e0, type: 3}
      propertyPath: m_LocalRotation.y
      value: 0.6644413
      objectReference: {fileID: 0}
    - target: {fileID: 400000, guid: 32fc8dc9e92fd014dba869bac1f6e9e0, type: 3}
      propertyPath: m_LocalRotation.z
      value: -0.38333645
      objectReference: {fileID: 0}
    - target: {fileID: 400000, guid: 32fc8dc9e92fd014dba869bac1f6e9e0, type: 3}
      propertyPath: m_LocalRotation.w
      value: -0.40571856
      objectReference: {fileID: 0}
    - target: {fileID: 400000, guid: 32fc8dc9e92fd014dba869bac1f6e9e0, type: 3}
      propertyPath: m_RootOrder
      value: 4
      objectReference: {fileID: 0}
    - target: {fileID: 400000, guid: 32fc8dc9e92fd014dba869bac1f6e9e0, type: 3}
      propertyPath: m_LocalEulerAnglesHint.x
      value: 65.875
      objectReference: {fileID: 0}
    - target: {fileID: 400000, guid: 32fc8dc9e92fd014dba869bac1f6e9e0, type: 3}
      propertyPath: m_LocalEulerAnglesHint.y
      value: -157.236
      objectReference: {fileID: 0}
    - target: {fileID: 400000, guid: 32fc8dc9e92fd014dba869bac1f6e9e0, type: 3}
      propertyPath: m_LocalEulerAnglesHint.z
      value: -58.727
      objectReference: {fileID: 0}
    m_RemovedComponents: []
  m_SourcePrefab: {fileID: 100100000, guid: 32fc8dc9e92fd014dba869bac1f6e9e0, type: 3}
--- !u!4 &3745638600887386685 stripped
Transform:
  m_CorrespondingSourceObject: {fileID: 400000, guid: 32fc8dc9e92fd014dba869bac1f6e9e0, type: 3}
  m_PrefabInstance: {fileID: 3745638600887523517}
  m_PrefabAsset: {fileID: 0}
--- !u!1001 &4365944509816876037
PrefabInstance:
  m_ObjectHideFlags: 0
  serializedVersion: 2
  m_Modification:
    m_TransformParent: {fileID: 3203689445860095132}
    m_Modifications:
    - target: {fileID: 1521883945192026, guid: ad921bbd99eb2144dab835d5da127ce0, type: 3}
      propertyPath: m_Name
      value: TB_Bd_FencePart
      objectReference: {fileID: 0}
    - target: {fileID: 4687965535721710, guid: ad921bbd99eb2144dab835d5da127ce0, type: 3}
      propertyPath: m_LocalPosition.x
      value: 2.99
      objectReference: {fileID: 0}
    - target: {fileID: 4687965535721710, guid: ad921bbd99eb2144dab835d5da127ce0, type: 3}
      propertyPath: m_LocalPosition.y
      value: 0.25
      objectReference: {fileID: 0}
    - target: {fileID: 4687965535721710, guid: ad921bbd99eb2144dab835d5da127ce0, type: 3}
      propertyPath: m_LocalPosition.z
      value: 0.69
      objectReference: {fileID: 0}
    - target: {fileID: 4687965535721710, guid: ad921bbd99eb2144dab835d5da127ce0, type: 3}
      propertyPath: m_LocalRotation.x
      value: -0.6671788
      objectReference: {fileID: 0}
    - target: {fileID: 4687965535721710, guid: ad921bbd99eb2144dab835d5da127ce0, type: 3}
      propertyPath: m_LocalRotation.y
      value: 0.2602575
      objectReference: {fileID: 0}
    - target: {fileID: 4687965535721710, guid: ad921bbd99eb2144dab835d5da127ce0, type: 3}
      propertyPath: m_LocalRotation.z
      value: 0.074839875
      objectReference: {fileID: 0}
    - target: {fileID: 4687965535721710, guid: ad921bbd99eb2144dab835d5da127ce0, type: 3}
      propertyPath: m_LocalRotation.w
      value: 0.6939291
      objectReference: {fileID: 0}
    - target: {fileID: 4687965535721710, guid: ad921bbd99eb2144dab835d5da127ce0, type: 3}
      propertyPath: m_RootOrder
      value: 12
      objectReference: {fileID: 0}
    - target: {fileID: 4687965535721710, guid: ad921bbd99eb2144dab835d5da127ce0, type: 3}
      propertyPath: m_LocalEulerAnglesHint.x
      value: -74.776
      objectReference: {fileID: 0}
    - target: {fileID: 4687965535721710, guid: ad921bbd99eb2144dab835d5da127ce0, type: 3}
      propertyPath: m_LocalEulerAnglesHint.y
      value: 95.621
      objectReference: {fileID: 0}
    - target: {fileID: 4687965535721710, guid: ad921bbd99eb2144dab835d5da127ce0, type: 3}
      propertyPath: m_LocalEulerAnglesHint.z
      value: -67.96
      objectReference: {fileID: 0}
    m_RemovedComponents: []
  m_SourcePrefab: {fileID: 100100000, guid: ad921bbd99eb2144dab835d5da127ce0, type: 3}
--- !u!4 &4361266508883195115 stripped
Transform:
  m_CorrespondingSourceObject: {fileID: 4687965535721710, guid: ad921bbd99eb2144dab835d5da127ce0, type: 3}
  m_PrefabInstance: {fileID: 4365944509816876037}
  m_PrefabAsset: {fileID: 0}
--- !u!1001 &5058106623314814386
PrefabInstance:
  m_ObjectHideFlags: 0
  serializedVersion: 2
  m_Modification:
    m_TransformParent: {fileID: 3203689445860095132}
    m_Modifications:
    - target: {fileID: 100000, guid: 99b307dc3d5a5b849bb29c22c125ccd4, type: 3}
      propertyPath: m_Name
      value: TB_Prop_Brazier
      objectReference: {fileID: 0}
    - target: {fileID: 400000, guid: 99b307dc3d5a5b849bb29c22c125ccd4, type: 3}
      propertyPath: m_LocalPosition.x
      value: 4.709
      objectReference: {fileID: 0}
    - target: {fileID: 400000, guid: 99b307dc3d5a5b849bb29c22c125ccd4, type: 3}
      propertyPath: m_LocalPosition.y
      value: 0.653
      objectReference: {fileID: 0}
    - target: {fileID: 400000, guid: 99b307dc3d5a5b849bb29c22c125ccd4, type: 3}
      propertyPath: m_LocalPosition.z
      value: -2.307
      objectReference: {fileID: 0}
    - target: {fileID: 400000, guid: 99b307dc3d5a5b849bb29c22c125ccd4, type: 3}
      propertyPath: m_LocalRotation.x
      value: -0.7614434
      objectReference: {fileID: 0}
    - target: {fileID: 400000, guid: 99b307dc3d5a5b849bb29c22c125ccd4, type: 3}
      propertyPath: m_LocalRotation.y
      value: 0.43899143
      objectReference: {fileID: 0}
    - target: {fileID: 400000, guid: 99b307dc3d5a5b849bb29c22c125ccd4, type: 3}
      propertyPath: m_LocalRotation.z
      value: -0.47695637
      objectReference: {fileID: 0}
    - target: {fileID: 400000, guid: 99b307dc3d5a5b849bb29c22c125ccd4, type: 3}
      propertyPath: m_LocalRotation.w
      value: 0.0018092328
      objectReference: {fileID: 0}
    - target: {fileID: 400000, guid: 99b307dc3d5a5b849bb29c22c125ccd4, type: 3}
      propertyPath: m_RootOrder
      value: 5
      objectReference: {fileID: 0}
    - target: {fileID: 400000, guid: 99b307dc3d5a5b849bb29c22c125ccd4, type: 3}
      propertyPath: m_LocalEulerAnglesHint.x
      value: 155.41699
      objectReference: {fileID: 0}
    - target: {fileID: 400000, guid: 99b307dc3d5a5b849bb29c22c125ccd4, type: 3}
      propertyPath: m_LocalEulerAnglesHint.y
      value: -53.177002
      objectReference: {fileID: 0}
    - target: {fileID: 400000, guid: 99b307dc3d5a5b849bb29c22c125ccd4, type: 3}
      propertyPath: m_LocalEulerAnglesHint.z
      value: 47.481995
      objectReference: {fileID: 0}
    - target: {fileID: 400000, guid: 99b307dc3d5a5b849bb29c22c125ccd4, type: 3}
      propertyPath: m_LocalScale.y
      value: 0.5
      objectReference: {fileID: 0}
    - target: {fileID: 400000, guid: 99b307dc3d5a5b849bb29c22c125ccd4, type: 3}
      propertyPath: m_LocalScale.x
      value: 0.5
      objectReference: {fileID: 0}
    - target: {fileID: 400000, guid: 99b307dc3d5a5b849bb29c22c125ccd4, type: 3}
      propertyPath: m_LocalScale.z
      value: 0.5
      objectReference: {fileID: 0}
    m_RemovedComponents: []
  m_SourcePrefab: {fileID: 100100000, guid: 99b307dc3d5a5b849bb29c22c125ccd4, type: 3}
--- !u!4 &5058106623314951986 stripped
Transform:
  m_CorrespondingSourceObject: {fileID: 400000, guid: 99b307dc3d5a5b849bb29c22c125ccd4, type: 3}
  m_PrefabInstance: {fileID: 5058106623314814386}
  m_PrefabAsset: {fileID: 0}
--- !u!1001 &5211396682322256336
PrefabInstance:
  m_ObjectHideFlags: 0
  serializedVersion: 2
  m_Modification:
    m_TransformParent: {fileID: 3203689445860095132}
    m_Modifications:
    - target: {fileID: 100000, guid: 0feb15841631ac842a6543be876f81ac, type: 3}
      propertyPath: m_Name
      value: TB_Prop_Shovel
      objectReference: {fileID: 0}
    - target: {fileID: 400000, guid: 0feb15841631ac842a6543be876f81ac, type: 3}
      propertyPath: m_LocalPosition.x
      value: 0
      objectReference: {fileID: 0}
    - target: {fileID: 400000, guid: 0feb15841631ac842a6543be876f81ac, type: 3}
      propertyPath: m_LocalPosition.y
      value: -0.28
      objectReference: {fileID: 0}
    - target: {fileID: 400000, guid: 0feb15841631ac842a6543be876f81ac, type: 3}
      propertyPath: m_LocalPosition.z
      value: 0
      objectReference: {fileID: 0}
    - target: {fileID: 400000, guid: 0feb15841631ac842a6543be876f81ac, type: 3}
      propertyPath: m_LocalRotation.x
      value: -1.7112914e-15
      objectReference: {fileID: 0}
    - target: {fileID: 400000, guid: 0feb15841631ac842a6543be876f81ac, type: 3}
      propertyPath: m_LocalRotation.y
      value: 1
      objectReference: {fileID: 0}
    - target: {fileID: 400000, guid: 0feb15841631ac842a6543be876f81ac, type: 3}
      propertyPath: m_LocalRotation.z
      value: -0.000000021855694
      objectReference: {fileID: 0}
    - target: {fileID: 400000, guid: 0feb15841631ac842a6543be876f81ac, type: 3}
      propertyPath: m_LocalRotation.w
      value: -0.0000000754979
      objectReference: {fileID: 0}
    - target: {fileID: 400000, guid: 0feb15841631ac842a6543be876f81ac, type: 3}
      propertyPath: m_RootOrder
      value: 9
      objectReference: {fileID: 0}
    - target: {fileID: 400000, guid: 0feb15841631ac842a6543be876f81ac, type: 3}
      propertyPath: m_LocalEulerAnglesHint.x
      value: 0
      objectReference: {fileID: 0}
    - target: {fileID: 400000, guid: 0feb15841631ac842a6543be876f81ac, type: 3}
      propertyPath: m_LocalEulerAnglesHint.y
      value: 0
      objectReference: {fileID: 0}
    - target: {fileID: 400000, guid: 0feb15841631ac842a6543be876f81ac, type: 3}
      propertyPath: m_LocalEulerAnglesHint.z
      value: 0
      objectReference: {fileID: 0}
    m_RemovedComponents: []
  m_SourcePrefab: {fileID: 100100000, guid: 0feb15841631ac842a6543be876f81ac, type: 3}
--- !u!4 &5211396682321869648 stripped
Transform:
  m_CorrespondingSourceObject: {fileID: 400000, guid: 0feb15841631ac842a6543be876f81ac, type: 3}
  m_PrefabInstance: {fileID: 5211396682322256336}
  m_PrefabAsset: {fileID: 0}
--- !u!1001 &5938090498784560316
PrefabInstance:
  m_ObjectHideFlags: 0
  serializedVersion: 2
  m_Modification:
    m_TransformParent: {fileID: 3203689445860095132}
    m_Modifications:
    - target: {fileID: 100000, guid: 98b104dee81772e40b15fcd99296f67c, type: 3}
      propertyPath: m_Name
      value: TB_Prop_Anvil
      objectReference: {fileID: 0}
    - target: {fileID: 400000, guid: 98b104dee81772e40b15fcd99296f67c, type: 3}
      propertyPath: m_LocalPosition.x
      value: 3.901
      objectReference: {fileID: 0}
    - target: {fileID: 400000, guid: 98b104dee81772e40b15fcd99296f67c, type: 3}
      propertyPath: m_LocalPosition.y
      value: 0.282
      objectReference: {fileID: 0}
    - target: {fileID: 400000, guid: 98b104dee81772e40b15fcd99296f67c, type: 3}
      propertyPath: m_LocalPosition.z
      value: -2.288
      objectReference: {fileID: 0}
    - target: {fileID: 400000, guid: 98b104dee81772e40b15fcd99296f67c, type: 3}
      propertyPath: m_LocalRotation.x
      value: -0.109731585
      objectReference: {fileID: 0}
    - target: {fileID: 400000, guid: 98b104dee81772e40b15fcd99296f67c, type: 3}
      propertyPath: m_LocalRotation.y
      value: 0.78773785
      objectReference: {fileID: 0}
    - target: {fileID: 400000, guid: 98b104dee81772e40b15fcd99296f67c, type: 3}
      propertyPath: m_LocalRotation.z
      value: -0.53917176
      objectReference: {fileID: 0}
    - target: {fileID: 400000, guid: 98b104dee81772e40b15fcd99296f67c, type: 3}
      propertyPath: m_LocalRotation.w
      value: -0.276987
      objectReference: {fileID: 0}
    - target: {fileID: 400000, guid: 98b104dee81772e40b15fcd99296f67c, type: 3}
      propertyPath: m_RootOrder
      value: 3
      objectReference: {fileID: 0}
    - target: {fileID: 400000, guid: 98b104dee81772e40b15fcd99296f67c, type: 3}
      propertyPath: m_LocalEulerAnglesHint.x
      value: 114.461
      objectReference: {fileID: 0}
    - target: {fileID: 400000, guid: 98b104dee81772e40b15fcd99296f67c, type: 3}
      propertyPath: m_LocalEulerAnglesHint.y
      value: 50.184006
      objectReference: {fileID: 0}
    - target: {fileID: 400000, guid: 98b104dee81772e40b15fcd99296f67c, type: 3}
      propertyPath: m_LocalEulerAnglesHint.z
      value: -162.313
      objectReference: {fileID: 0}
    - target: {fileID: 400000, guid: 98b104dee81772e40b15fcd99296f67c, type: 3}
      propertyPath: m_LocalScale.y
      value: 0.5
      objectReference: {fileID: 0}
    - target: {fileID: 400000, guid: 98b104dee81772e40b15fcd99296f67c, type: 3}
      propertyPath: m_LocalScale.x
      value: 0.5
      objectReference: {fileID: 0}
    - target: {fileID: 400000, guid: 98b104dee81772e40b15fcd99296f67c, type: 3}
      propertyPath: m_LocalScale.z
      value: 0.5
      objectReference: {fileID: 0}
    m_RemovedComponents: []
  m_SourcePrefab: {fileID: 100100000, guid: 98b104dee81772e40b15fcd99296f67c, type: 3}
--- !u!4 &5938090498784435772 stripped
Transform:
  m_CorrespondingSourceObject: {fileID: 400000, guid: 98b104dee81772e40b15fcd99296f67c, type: 3}
  m_PrefabInstance: {fileID: 5938090498784560316}
  m_PrefabAsset: {fileID: 0}
--- !u!1001 &6128310997659481172
PrefabInstance:
  m_ObjectHideFlags: 0
  serializedVersion: 2
  m_Modification:
    m_TransformParent: {fileID: 3203689445860095132}
    m_Modifications:
    - target: {fileID: 1048223641695428, guid: cda8ad9560407504791380c438733c2d, type: 3}
      propertyPath: m_Name
      value: TB_Prop_Lumber_C
      objectReference: {fileID: 0}
    - target: {fileID: 4197299531117094, guid: cda8ad9560407504791380c438733c2d, type: 3}
      propertyPath: m_LocalPosition.x
      value: -2.3
      objectReference: {fileID: 0}
    - target: {fileID: 4197299531117094, guid: cda8ad9560407504791380c438733c2d, type: 3}
      propertyPath: m_LocalPosition.y
      value: 1.98
      objectReference: {fileID: 0}
    - target: {fileID: 4197299531117094, guid: cda8ad9560407504791380c438733c2d, type: 3}
      propertyPath: m_LocalPosition.z
      value: 0
      objectReference: {fileID: 0}
    - target: {fileID: 4197299531117094, guid: cda8ad9560407504791380c438733c2d, type: 3}
      propertyPath: m_LocalRotation.x
      value: 0.000000062149695
      objectReference: {fileID: 0}
    - target: {fileID: 4197299531117094, guid: cda8ad9560407504791380c438733c2d, type: 3}
      propertyPath: m_LocalRotation.y
      value: 0.000000041656236
      objectReference: {fileID: 0}
    - target: {fileID: 4197299531117094, guid: cda8ad9560407504791380c438733c2d, type: 3}
      propertyPath: m_LocalRotation.z
      value: 0.6087616
      objectReference: {fileID: 0}
    - target: {fileID: 4197299531117094, guid: cda8ad9560407504791380c438733c2d, type: 3}
      propertyPath: m_LocalRotation.w
      value: 0.79335326
      objectReference: {fileID: 0}
    - target: {fileID: 4197299531117094, guid: cda8ad9560407504791380c438733c2d, type: 3}
      propertyPath: m_RootOrder
      value: 13
      objectReference: {fileID: 0}
    - target: {fileID: 4197299531117094, guid: cda8ad9560407504791380c438733c2d, type: 3}
      propertyPath: m_LocalEulerAnglesHint.x
      value: 0
      objectReference: {fileID: 0}
    - target: {fileID: 4197299531117094, guid: cda8ad9560407504791380c438733c2d, type: 3}
      propertyPath: m_LocalEulerAnglesHint.y
      value: 0
      objectReference: {fileID: 0}
    - target: {fileID: 4197299531117094, guid: cda8ad9560407504791380c438733c2d, type: 3}
      propertyPath: m_LocalEulerAnglesHint.z
      value: 75
      objectReference: {fileID: 0}
    - target: {fileID: 4197299531117094, guid: cda8ad9560407504791380c438733c2d, type: 3}
      propertyPath: m_LocalScale.x
      value: 2.5756998
      objectReference: {fileID: 0}
    m_RemovedComponents: []
  m_SourcePrefab: {fileID: 100100000, guid: cda8ad9560407504791380c438733c2d, type: 3}
--- !u!4 &6125681686635972210 stripped
Transform:
  m_CorrespondingSourceObject: {fileID: 4197299531117094, guid: cda8ad9560407504791380c438733c2d, type: 3}
  m_PrefabInstance: {fileID: 6128310997659481172}
  m_PrefabAsset: {fileID: 0}
--- !u!1001 &6530039784652287429
PrefabInstance:
  m_ObjectHideFlags: 0
  serializedVersion: 2
  m_Modification:
    m_TransformParent: {fileID: 3203689445860095132}
    m_Modifications:
    - target: {fileID: 1827635600379368, guid: 9a7e6d7a03d5b084b9e990e0931db90a, type: 3}
      propertyPath: m_Name
      value: TB_Prop_Box_H
      objectReference: {fileID: 0}
    - target: {fileID: 4849538825933032, guid: 9a7e6d7a03d5b084b9e990e0931db90a, type: 3}
      propertyPath: m_LocalPosition.x
      value: -0.83
      objectReference: {fileID: 0}
    - target: {fileID: 4849538825933032, guid: 9a7e6d7a03d5b084b9e990e0931db90a, type: 3}
      propertyPath: m_LocalPosition.y
      value: 1.49
      objectReference: {fileID: 0}
    - target: {fileID: 4849538825933032, guid: 9a7e6d7a03d5b084b9e990e0931db90a, type: 3}
      propertyPath: m_LocalPosition.z
      value: 1.28
      objectReference: {fileID: 0}
    - target: {fileID: 4849538825933032, guid: 9a7e6d7a03d5b084b9e990e0931db90a, type: 3}
      propertyPath: m_LocalRotation.x
      value: 0.000000021351054
      objectReference: {fileID: 0}
    - target: {fileID: 4849538825933032, guid: 9a7e6d7a03d5b084b9e990e0931db90a, type: 3}
      propertyPath: m_LocalRotation.y
      value: -0.0000000046694697
      objectReference: {fileID: 0}
    - target: {fileID: 4849538825933032, guid: 9a7e6d7a03d5b084b9e990e0931db90a, type: 3}
      propertyPath: m_LocalRotation.z
      value: 0.21365
      objectReference: {fileID: 0}
    - target: {fileID: 4849538825933032, guid: 9a7e6d7a03d5b084b9e990e0931db90a, type: 3}
      propertyPath: m_LocalRotation.w
      value: 0.9769103
      objectReference: {fileID: 0}
    - target: {fileID: 4849538825933032, guid: 9a7e6d7a03d5b084b9e990e0931db90a, type: 3}
      propertyPath: m_RootOrder
      value: 15
      objectReference: {fileID: 0}
    - target: {fileID: 4849538825933032, guid: 9a7e6d7a03d5b084b9e990e0931db90a, type: 3}
      propertyPath: m_LocalEulerAnglesHint.x
      value: 0
      objectReference: {fileID: 0}
    - target: {fileID: 4849538825933032, guid: 9a7e6d7a03d5b084b9e990e0931db90a, type: 3}
      propertyPath: m_LocalEulerAnglesHint.y
      value: 0
      objectReference: {fileID: 0}
    - target: {fileID: 4849538825933032, guid: 9a7e6d7a03d5b084b9e990e0931db90a, type: 3}
      propertyPath: m_LocalEulerAnglesHint.z
      value: 24.673
      objectReference: {fileID: 0}
    m_RemovedComponents: []
  m_SourcePrefab: {fileID: 100100000, guid: 9a7e6d7a03d5b084b9e990e0931db90a, type: 3}
--- !u!4 &6525265296957472045 stripped
Transform:
  m_CorrespondingSourceObject: {fileID: 4849538825933032, guid: 9a7e6d7a03d5b084b9e990e0931db90a, type: 3}
  m_PrefabInstance: {fileID: 6530039784652287429}
  m_PrefabAsset: {fileID: 0}
--- !u!1001 &6849202048107651334
PrefabInstance:
  m_ObjectHideFlags: 0
  serializedVersion: 2
  m_Modification:
    m_TransformParent: {fileID: 3203689445860095132}
    m_Modifications:
    - target: {fileID: 100000, guid: f98719704e5e33c4096276b1e798f217, type: 3}
      propertyPath: m_Name
      value: TB_Prop_TrunkAxe
      objectReference: {fileID: 0}
    - target: {fileID: 400000, guid: f98719704e5e33c4096276b1e798f217, type: 3}
      propertyPath: m_LocalPosition.x
      value: 2.48
      objectReference: {fileID: 0}
    - target: {fileID: 400000, guid: f98719704e5e33c4096276b1e798f217, type: 3}
      propertyPath: m_LocalPosition.y
      value: -0.030000001
      objectReference: {fileID: 0}
    - target: {fileID: 400000, guid: f98719704e5e33c4096276b1e798f217, type: 3}
      propertyPath: m_LocalPosition.z
      value: -3.84
      objectReference: {fileID: 0}
    - target: {fileID: 400000, guid: f98719704e5e33c4096276b1e798f217, type: 3}
      propertyPath: m_LocalRotation.x
      value: -0.000000008363809
      objectReference: {fileID: 0}
    - target: {fileID: 400000, guid: f98719704e5e33c4096276b1e798f217, type: 3}
      propertyPath: m_LocalRotation.y
      value: 0.92387974
      objectReference: {fileID: 0}
    - target: {fileID: 400000, guid: f98719704e5e33c4096276b1e798f217, type: 3}
      propertyPath: m_LocalRotation.z
      value: -0.000000020192033
      objectReference: {fileID: 0}
    - target: {fileID: 400000, guid: f98719704e5e33c4096276b1e798f217, type: 3}
      propertyPath: m_LocalRotation.w
      value: 0.38268313
      objectReference: {fileID: 0}
    - target: {fileID: 400000, guid: f98719704e5e33c4096276b1e798f217, type: 3}
      propertyPath: m_RootOrder
      value: 10
      objectReference: {fileID: 0}
    - target: {fileID: 400000, guid: f98719704e5e33c4096276b1e798f217, type: 3}
      propertyPath: m_LocalEulerAnglesHint.x
      value: 0
      objectReference: {fileID: 0}
    - target: {fileID: 400000, guid: f98719704e5e33c4096276b1e798f217, type: 3}
      propertyPath: m_LocalEulerAnglesHint.y
      value: -225
      objectReference: {fileID: 0}
    - target: {fileID: 400000, guid: f98719704e5e33c4096276b1e798f217, type: 3}
      propertyPath: m_LocalEulerAnglesHint.z
      value: 0
      objectReference: {fileID: 0}
    - target: {fileID: 400000, guid: f98719704e5e33c4096276b1e798f217, type: 3}
      propertyPath: m_LocalScale.x
      value: 0.39999998
      objectReference: {fileID: 0}
    - target: {fileID: 400000, guid: f98719704e5e33c4096276b1e798f217, type: 3}
      propertyPath: m_LocalScale.y
      value: 0.39999998
      objectReference: {fileID: 0}
    - target: {fileID: 400000, guid: f98719704e5e33c4096276b1e798f217, type: 3}
      propertyPath: m_LocalScale.z
      value: 0.39999998
      objectReference: {fileID: 0}
    m_RemovedComponents: []
  m_SourcePrefab: {fileID: 100100000, guid: f98719704e5e33c4096276b1e798f217, type: 3}
--- !u!4 &6849202048107527046 stripped
Transform:
  m_CorrespondingSourceObject: {fileID: 400000, guid: f98719704e5e33c4096276b1e798f217, type: 3}
  m_PrefabInstance: {fileID: 6849202048107651334}
  m_PrefabAsset: {fileID: 0}
--- !u!1001 &7478743563737526560
PrefabInstance:
  m_ObjectHideFlags: 0
  serializedVersion: 2
  m_Modification:
    m_TransformParent: {fileID: 3203689445860095132}
    m_Modifications:
    - target: {fileID: 1558675141612700, guid: 8688e5c20ecf54342bd245464d952649, type: 3}
      propertyPath: m_Name
      value: TB_Prop_Chair
      objectReference: {fileID: 0}
    - target: {fileID: 4904837884813236, guid: 8688e5c20ecf54342bd245464d952649, type: 3}
      propertyPath: m_LocalPosition.x
      value: 4.326
      objectReference: {fileID: 0}
    - target: {fileID: 4904837884813236, guid: 8688e5c20ecf54342bd245464d952649, type: 3}
      propertyPath: m_LocalPosition.y
      value: 0.581
      objectReference: {fileID: 0}
    - target: {fileID: 4904837884813236, guid: 8688e5c20ecf54342bd245464d952649, type: 3}
      propertyPath: m_LocalPosition.z
      value: -1.185
      objectReference: {fileID: 0}
    - target: {fileID: 4904837884813236, guid: 8688e5c20ecf54342bd245464d952649, type: 3}
      propertyPath: m_LocalRotation.x
      value: -0.7148153
      objectReference: {fileID: 0}
    - target: {fileID: 4904837884813236, guid: 8688e5c20ecf54342bd245464d952649, type: 3}
      propertyPath: m_LocalRotation.y
      value: 0.2723375
      objectReference: {fileID: 0}
    - target: {fileID: 4904837884813236, guid: 8688e5c20ecf54342bd245464d952649, type: 3}
      propertyPath: m_LocalRotation.z
      value: 0.5562389
      objectReference: {fileID: 0}
    - target: {fileID: 4904837884813236, guid: 8688e5c20ecf54342bd245464d952649, type: 3}
      propertyPath: m_LocalRotation.w
      value: 0.32476088
      objectReference: {fileID: 0}
    - target: {fileID: 4904837884813236, guid: 8688e5c20ecf54342bd245464d952649, type: 3}
      propertyPath: m_RootOrder
      value: 16
      objectReference: {fileID: 0}
    - target: {fileID: 4904837884813236, guid: 8688e5c20ecf54342bd245464d952649, type: 3}
      propertyPath: m_LocalEulerAnglesHint.x
      value: -129.892
      objectReference: {fileID: 0}
    - target: {fileID: 4904837884813236, guid: 8688e5c20ecf54342bd245464d952649, type: 3}
      propertyPath: m_LocalEulerAnglesHint.y
      value: 74.605
      objectReference: {fileID: 0}
    - target: {fileID: 4904837884813236, guid: 8688e5c20ecf54342bd245464d952649, type: 3}
      propertyPath: m_LocalEulerAnglesHint.z
      value: 2.5070038
      objectReference: {fileID: 0}
    m_RemovedComponents: []
  m_SourcePrefab: {fileID: 100100000, guid: 8688e5c20ecf54342bd245464d952649, type: 3}
--- !u!4 &7482934504682581652 stripped
Transform:
  m_CorrespondingSourceObject: {fileID: 4904837884813236, guid: 8688e5c20ecf54342bd245464d952649, type: 3}
  m_PrefabInstance: {fileID: 7478743563737526560}
  m_PrefabAsset: {fileID: 0}
--- !u!1001 &8361295266934883587
PrefabInstance:
  m_ObjectHideFlags: 0
  serializedVersion: 2
  m_Modification:
    m_TransformParent: {fileID: 3203689445860095132}
    m_Modifications:
    - target: {fileID: 100000, guid: ff55a87d0a4405840ac3a423f31ee6be, type: 3}
      propertyPath: m_Name
      value: TB_Prop_BlacksmithTable
      objectReference: {fileID: 0}
    - target: {fileID: 400000, guid: ff55a87d0a4405840ac3a423f31ee6be, type: 3}
      propertyPath: m_LocalPosition.x
      value: 2.22
      objectReference: {fileID: 0}
    - target: {fileID: 400000, guid: ff55a87d0a4405840ac3a423f31ee6be, type: 3}
      propertyPath: m_LocalPosition.y
      value: 0.15
      objectReference: {fileID: 0}
    - target: {fileID: 400000, guid: ff55a87d0a4405840ac3a423f31ee6be, type: 3}
      propertyPath: m_LocalPosition.z
      value: 2.23
      objectReference: {fileID: 0}
    - target: {fileID: 400000, guid: ff55a87d0a4405840ac3a423f31ee6be, type: 3}
      propertyPath: m_LocalRotation.x
      value: 0.51204693
      objectReference: {fileID: 0}
    - target: {fileID: 400000, guid: ff55a87d0a4405840ac3a423f31ee6be, type: 3}
      propertyPath: m_LocalRotation.y
      value: 0.52086633
      objectReference: {fileID: 0}
    - target: {fileID: 400000, guid: ff55a87d0a4405840ac3a423f31ee6be, type: 3}
      propertyPath: m_LocalRotation.z
      value: 0.34150615
      objectReference: {fileID: 0}
    - target: {fileID: 400000, guid: ff55a87d0a4405840ac3a423f31ee6be, type: 3}
      propertyPath: m_LocalRotation.w
      value: -0.5915064
      objectReference: {fileID: 0}
    - target: {fileID: 400000, guid: ff55a87d0a4405840ac3a423f31ee6be, type: 3}
      propertyPath: m_RootOrder
      value: 8
      objectReference: {fileID: 0}
    - target: {fileID: 400000, guid: ff55a87d0a4405840ac3a423f31ee6be, type: 3}
      propertyPath: m_LocalEulerAnglesHint.x
      value: -74.053
      objectReference: {fileID: 0}
    - target: {fileID: 400000, guid: ff55a87d0a4405840ac3a423f31ee6be, type: 3}
      propertyPath: m_LocalEulerAnglesHint.y
      value: -104.112
      objectReference: {fileID: 0}
    - target: {fileID: 400000, guid: ff55a87d0a4405840ac3a423f31ee6be, type: 3}
      propertyPath: m_LocalEulerAnglesHint.z
      value: 28.1
      objectReference: {fileID: 0}
    - target: {fileID: 400000, guid: ff55a87d0a4405840ac3a423f31ee6be, type: 3}
      propertyPath: m_LocalScale.y
      value: 0.7
      objectReference: {fileID: 0}
    - target: {fileID: 400000, guid: ff55a87d0a4405840ac3a423f31ee6be, type: 3}
      propertyPath: m_LocalScale.x
      value: 0.6999999
      objectReference: {fileID: 0}
    - target: {fileID: 400000, guid: ff55a87d0a4405840ac3a423f31ee6be, type: 3}
      propertyPath: m_LocalScale.z
      value: 0.6999999
      objectReference: {fileID: 0}
    m_RemovedComponents: []
  m_SourcePrefab: {fileID: 100100000, guid: ff55a87d0a4405840ac3a423f31ee6be, type: 3}
--- !u!4 &8361295266934497155 stripped
Transform:
  m_CorrespondingSourceObject: {fileID: 400000, guid: ff55a87d0a4405840ac3a423f31ee6be, type: 3}
  m_PrefabInstance: {fileID: 8361295266934883587}
  m_PrefabAsset: {fileID: 0}
--- !u!1001 &8584499724786230193
PrefabInstance:
  m_ObjectHideFlags: 0
  serializedVersion: 2
  m_Modification:
    m_TransformParent: {fileID: 3203689445860095132}
    m_Modifications:
    - target: {fileID: 1928515829309520, guid: ae72bb936360ae04690ae84f38e565e0, type: 3}
      propertyPath: m_Name
      value: TB_Prop_Kindling (1)
      objectReference: {fileID: 0}
    - target: {fileID: 4406390156793052, guid: ae72bb936360ae04690ae84f38e565e0, type: 3}
      propertyPath: m_LocalPosition.x
      value: -3.97
      objectReference: {fileID: 0}
    - target: {fileID: 4406390156793052, guid: ae72bb936360ae04690ae84f38e565e0, type: 3}
      propertyPath: m_LocalPosition.y
      value: 0.44
      objectReference: {fileID: 0}
    - target: {fileID: 4406390156793052, guid: ae72bb936360ae04690ae84f38e565e0, type: 3}
      propertyPath: m_LocalPosition.z
      value: 1.83
      objectReference: {fileID: 0}
    - target: {fileID: 4406390156793052, guid: ae72bb936360ae04690ae84f38e565e0, type: 3}
      propertyPath: m_LocalRotation.x
      value: 0.08661967
      objectReference: {fileID: 0}
    - target: {fileID: 4406390156793052, guid: ae72bb936360ae04690ae84f38e565e0, type: 3}
      propertyPath: m_LocalRotation.y
      value: 0.02231857
      objectReference: {fileID: 0}
    - target: {fileID: 4406390156793052, guid: ae72bb936360ae04690ae84f38e565e0, type: 3}
      propertyPath: m_LocalRotation.z
      value: 0.019790096
      objectReference: {fileID: 0}
    - target: {fileID: 4406390156793052, guid: ae72bb936360ae04690ae84f38e565e0, type: 3}
      propertyPath: m_LocalRotation.w
      value: 0.9957948
      objectReference: {fileID: 0}
    - target: {fileID: 4406390156793052, guid: ae72bb936360ae04690ae84f38e565e0, type: 3}
      propertyPath: m_RootOrder
      value: 18
      objectReference: {fileID: 0}
    - target: {fileID: 4406390156793052, guid: ae72bb936360ae04690ae84f38e565e0, type: 3}
      propertyPath: m_LocalEulerAnglesHint.x
      value: 9.882
      objectReference: {fileID: 0}
    - target: {fileID: 4406390156793052, guid: ae72bb936360ae04690ae84f38e565e0, type: 3}
      propertyPath: m_LocalEulerAnglesHint.y
      value: 2.786
      objectReference: {fileID: 0}
    - target: {fileID: 4406390156793052, guid: ae72bb936360ae04690ae84f38e565e0, type: 3}
      propertyPath: m_LocalEulerAnglesHint.z
      value: 2.518
      objectReference: {fileID: 0}
    m_RemovedComponents: []
  m_SourcePrefab: {fileID: 100100000, guid: ae72bb936360ae04690ae84f38e565e0, type: 3}
--- !u!4 &8587769185291728749 stripped
Transform:
  m_CorrespondingSourceObject: {fileID: 4406390156793052, guid: ae72bb936360ae04690ae84f38e565e0, type: 3}
  m_PrefabInstance: {fileID: 8584499724786230193}
  m_PrefabAsset: {fileID: 0}
--- !u!1001 &8949359584688721037
PrefabInstance:
  m_ObjectHideFlags: 0
  serializedVersion: 2
  m_Modification:
    m_TransformParent: {fileID: 3203689445860095132}
    m_Modifications:
    - target: {fileID: 1219788658816532, guid: 1775607b223ff6d4abe97e5bf503194a, type: 3}
      propertyPath: m_Name
      value: TB_Bd_Stair
      objectReference: {fileID: 0}
    - target: {fileID: 4192110558939232, guid: 1775607b223ff6d4abe97e5bf503194a, type: 3}
      propertyPath: m_LocalPosition.x
      value: 2.05
      objectReference: {fileID: 0}
    - target: {fileID: 4192110558939232, guid: 1775607b223ff6d4abe97e5bf503194a, type: 3}
      propertyPath: m_LocalPosition.y
      value: 0.25
      objectReference: {fileID: 0}
    - target: {fileID: 4192110558939232, guid: 1775607b223ff6d4abe97e5bf503194a, type: 3}
      propertyPath: m_LocalPosition.z
      value: 4.22
      objectReference: {fileID: 0}
    - target: {fileID: 4192110558939232, guid: 1775607b223ff6d4abe97e5bf503194a, type: 3}
      propertyPath: m_LocalRotation.x
      value: -0.20939875
      objectReference: {fileID: 0}
    - target: {fileID: 4192110558939232, guid: 1775607b223ff6d4abe97e5bf503194a, type: 3}
      propertyPath: m_LocalRotation.y
      value: 0.9724793
      objectReference: {fileID: 0}
    - target: {fileID: 4192110558939232, guid: 1775607b223ff6d4abe97e5bf503194a, type: 3}
      propertyPath: m_LocalRotation.z
      value: -0.07219858
      objectReference: {fileID: 0}
    - target: {fileID: 4192110558939232, guid: 1775607b223ff6d4abe97e5bf503194a, type: 3}
      propertyPath: m_LocalRotation.w
      value: -0.07227404
      objectReference: {fileID: 0}
    - target: {fileID: 4192110558939232, guid: 1775607b223ff6d4abe97e5bf503194a, type: 3}
      propertyPath: m_RootOrder
      value: 1
      objectReference: {fileID: 0}
    - target: {fileID: 4192110558939232, guid: 1775607b223ff6d4abe97e5bf503194a, type: 3}
      propertyPath: m_LocalEulerAnglesHint.x
      value: 9.828
      objectReference: {fileID: 0}
    - target: {fileID: 4192110558939232, guid: 1775607b223ff6d4abe97e5bf503194a, type: 3}
      propertyPath: m_LocalEulerAnglesHint.y
      value: 186.429
      objectReference: {fileID: 0}
    - target: {fileID: 4192110558939232, guid: 1775607b223ff6d4abe97e5bf503194a, type: 3}
      propertyPath: m_LocalEulerAnglesHint.z
      value: -23.75
      objectReference: {fileID: 0}
    - target: {fileID: 4192110558939232, guid: 1775607b223ff6d4abe97e5bf503194a, type: 3}
      propertyPath: m_LocalScale.z
      value: 1.65711
      objectReference: {fileID: 0}
    - target: {fileID: 4192110558939232, guid: 1775607b223ff6d4abe97e5bf503194a, type: 3}
      propertyPath: m_LocalScale.x
      value: 0.54231
      objectReference: {fileID: 0}
    - target: {fileID: 4192110558939232, guid: 1775607b223ff6d4abe97e5bf503194a, type: 3}
      propertyPath: m_LocalScale.y
      value: 1.11557
      objectReference: {fileID: 0}
    m_RemovedComponents: []
  m_SourcePrefab: {fileID: 100100000, guid: 1775607b223ff6d4abe97e5bf503194a, type: 3}
--- !u!4 &8952144043184375021 stripped
Transform:
  m_CorrespondingSourceObject: {fileID: 4192110558939232, guid: 1775607b223ff6d4abe97e5bf503194a, type: 3}
  m_PrefabInstance: {fileID: 8949359584688721037}
  m_PrefabAsset: {fileID: 0}
--- !u!1001 &9199153103501533555
PrefabInstance:
  m_ObjectHideFlags: 0
  serializedVersion: 2
  m_Modification:
    m_TransformParent: {fileID: 3203689445860095132}
    m_Modifications:
    - target: {fileID: 4938120734671940107, guid: 91904635775cb524a93d9ce2cd5fd881, type: 3}
      propertyPath: m_LocalPosition.x
      value: -1.25
      objectReference: {fileID: 0}
    - target: {fileID: 4938120734671940107, guid: 91904635775cb524a93d9ce2cd5fd881, type: 3}
      propertyPath: m_LocalPosition.y
      value: 0.5
      objectReference: {fileID: 0}
    - target: {fileID: 4938120734671940107, guid: 91904635775cb524a93d9ce2cd5fd881, type: 3}
      propertyPath: m_LocalPosition.z
      value: 2.92
      objectReference: {fileID: 0}
    - target: {fileID: 4938120734671940107, guid: 91904635775cb524a93d9ce2cd5fd881, type: 3}
      propertyPath: m_LocalRotation.x
      value: -0.3290377
      objectReference: {fileID: 0}
    - target: {fileID: 4938120734671940107, guid: 91904635775cb524a93d9ce2cd5fd881, type: 3}
      propertyPath: m_LocalRotation.y
      value: 0.73152906
      objectReference: {fileID: 0}
    - target: {fileID: 4938120734671940107, guid: 91904635775cb524a93d9ce2cd5fd881, type: 3}
      propertyPath: m_LocalRotation.z
      value: -0.41864938
      objectReference: {fileID: 0}
    - target: {fileID: 4938120734671940107, guid: 91904635775cb524a93d9ce2cd5fd881, type: 3}
      propertyPath: m_LocalRotation.w
      value: -0.4258312
      objectReference: {fileID: 0}
    - target: {fileID: 4938120734671940107, guid: 91904635775cb524a93d9ce2cd5fd881, type: 3}
      propertyPath: m_RootOrder
      value: 11
      objectReference: {fileID: 0}
    - target: {fileID: 4938120734671940107, guid: 91904635775cb524a93d9ce2cd5fd881, type: 3}
      propertyPath: m_LocalEulerAnglesHint.x
      value: 63.219
      objectReference: {fileID: 0}
    - target: {fileID: 4938120734671940107, guid: 91904635775cb524a93d9ce2cd5fd881, type: 3}
      propertyPath: m_LocalEulerAnglesHint.y
      value: 230.467
      objectReference: {fileID: 0}
    - target: {fileID: 4938120734671940107, guid: 91904635775cb524a93d9ce2cd5fd881, type: 3}
      propertyPath: m_LocalEulerAnglesHint.z
      value: -16.087
      objectReference: {fileID: 0}
    - target: {fileID: 4941293404544553521, guid: 91904635775cb524a93d9ce2cd5fd881, type: 3}
      propertyPath: m_Name
      value: TB_Bd_Door_Arch_Ruin
      objectReference: {fileID: 0}
    m_RemovedComponents: []
  m_SourcePrefab: {fileID: 100100000, guid: 91904635775cb524a93d9ce2cd5fd881, type: 3}
--- !u!4 &4264433476661971832 stripped
Transform:
  m_CorrespondingSourceObject: {fileID: 4938120734671940107, guid: 91904635775cb524a93d9ce2cd5fd881, type: 3}
  m_PrefabInstance: {fileID: 9199153103501533555}
  m_PrefabAsset: {fileID: 0}
