%YAML 1.1
%TAG !u! tag:unity3d.com,2011:
--- !u!114 &-5892422708303220733
MonoBehaviour:
  m_ObjectHideFlags: 0
  m_CorrespondingSourceObject: {fileID: 0}
  m_PrefabInstance: {fileID: 0}
  m_PrefabAsset: {fileID: 0}
  m_GameObject: {fileID: 0}
  m_Enabled: 1
  m_EditorHideFlags: 0
  m_Script: {fileID: 11500000, guid: 6745adb724d2bc941a9c4ce18b95b086, type: 3}
  m_Name: 
  m_EditorClassIdentifier: 
  m_bRoot: 0
  m_parent: {fileID: 11400000}
  m_eNodeCat: 0
  m_eNodeTag: 3
  m_strTitle: BT.Composite.VSBTProcedure
  m_strPath: Assets/BattleArea/MapData/Test2.asset
  m_wndNodeRect:
    serializedVersion: 2
    x: 2225.4585
    y: 333
    width: 300
    height: 160
  m_nNodeID: 108
  m_lstChild:
  - {fileID: 654150817911860201}
  - {fileID: -766502356254956285}
  - {fileID: -3111937126053934697}
  m_lstSlot: []
--- !u!114 &-3111937126053934697
MonoBehaviour:
  m_ObjectHideFlags: 0
  m_CorrespondingSourceObject: {fileID: 0}
  m_PrefabInstance: {fileID: 0}
  m_PrefabAsset: {fileID: 0}
  m_GameObject: {fileID: 0}
  m_Enabled: 1
  m_EditorHideFlags: 0
  m_Script: {fileID: 11500000, guid: b3f6fa6ace288334fb2fce9261d9270e, type: 3}
  m_Name: 
  m_EditorClassIdentifier: 
  m_bRoot: 0
  m_parent: {fileID: -5892422708303220733}
  m_eNodeCat: 1
  m_eNodeTag: 0
  m_strTitle: BT.BA.Cdt.VSBAAllEvent
  m_strPath: Assets/BattleArea/MapData/Test2.asset
  m_wndNodeRect:
    serializedVersion: 2
    x: 2380.0962
    y: 550
    width: 330
    height: 390
  m_nNodeID: 111
  m_bRepeat: 0
  m_eEventType: 5
  m_eSuccessValue: 1
  m_eFailValue: 2
  m_eMonsterType: 10
  m_bBoolean0: 0
  m_nIntData0: 0
  m_nIntData1: 0
  m_fFloatData0: 0
  m_fFloatData1: 0
  m_fRunningTime: 0
  m_eReturnValue: 0
--- !u!114 &-766502356254956285
MonoBehaviour:
  m_ObjectHideFlags: 0
  m_CorrespondingSourceObject: {fileID: 0}
  m_PrefabInstance: {fileID: 0}
  m_PrefabAsset: {fileID: 0}
  m_GameObject: {fileID: 0}
  m_Enabled: 1
  m_EditorHideFlags: 0
  m_Script: {fileID: 11500000, guid: b3f6fa6ace288334fb2fce9261d9270e, type: 3}
  m_Name: 
  m_EditorClassIdentifier: 
  m_bRoot: 0
  m_parent: {fileID: -5892422708303220733}
  m_eNodeCat: 1
  m_eNodeTag: 0
  m_strTitle: BT.BA.Cdt.VSBAAllEvent
  m_strPath: Assets/BattleArea/MapData/Test2.asset
  m_wndNodeRect:
    serializedVersion: 2
    x: 2035.0828
    y: 547
    width: 330
    height: 390
  m_nNodeID: 110
  m_bRepeat: 0
  m_eEventType: 2
  m_eSuccessValue: 1
  m_eFailValue: 2
  m_eMonsterType: 0
  m_bBoolean0: 0
  m_nIntData0: 0
  m_nIntData1: 0
  m_fFloatData0: 0
  m_fFloatData1: 0
  m_fRunningTime: 0
  m_eReturnValue: 0
--- !u!114 &11400000
MonoBehaviour:
  m_ObjectHideFlags: 0
  m_CorrespondingSourceObject: {fileID: 0}
  m_PrefabInstance: {fileID: 0}
  m_PrefabAsset: {fileID: 0}
  m_GameObject: {fileID: 0}
  m_Enabled: 1
  m_EditorHideFlags: 0
  m_Script: {fileID: 11500000, guid: bd4d16411111fcc4d994dbe3ebb85948, type: 3}
  m_Name: Test2
  m_EditorClassIdentifier: 
  m_bRoot: 1
  m_parent: {fileID: 0}
  m_eNodeCat: 0
  m_eNodeTag: 2
  m_strTitle: Test2
  m_strPath: Assets/BattleArea/MapData/Test2.asset
  m_wndNodeRect:
    serializedVersion: 2
    x: 1941.5459
    y: 90
    width: 300
    height: 160
  m_nNodeID: 106
  m_lstChild:
  - {fileID: 6640275208793173918}
  - {fileID: -5892422708303220733}
  m_lstSlot: []
--- !u!114 &654150817911860201
MonoBehaviour:
  m_ObjectHideFlags: 0
  m_CorrespondingSourceObject: {fileID: 0}
  m_PrefabInstance: {fileID: 0}
  m_PrefabAsset: {fileID: 0}
  m_GameObject: {fileID: 0}
  m_Enabled: 1
  m_EditorHideFlags: 0
  m_Script: {fileID: 11500000, guid: b3f6fa6ace288334fb2fce9261d9270e, type: 3}
  m_Name: 
  m_EditorClassIdentifier: 
  m_bRoot: 0
  m_parent: {fileID: -5892422708303220733}
  m_eNodeCat: 1
  m_eNodeTag: 0
  m_strTitle: BT.BA.Cdt.VSBAAllEvent
  m_strPath: Assets/BattleArea/MapData/Test2.asset
  m_wndNodeRect:
    serializedVersion: 2
    x: 1681.0693
    y: 545
    width: 330
    height: 390
  m_nNodeID: 109
  m_bRepeat: 1
  m_eEventType: 6
  m_eSuccessValue: 1
  m_eFailValue: 3
  m_eMonsterType: 10
  m_bBoolean0: 0
  m_nIntData0: 1
  m_nIntData1: 0
  m_fFloatData0: 0
  m_fFloatData1: 0
  m_fRunningTime: 0
  m_eReturnValue: 0
--- !u!114 &6640275208793173918
MonoBehaviour:
  m_ObjectHideFlags: 0
  m_CorrespondingSourceObject: {fileID: 0}
  m_PrefabInstance: {fileID: 0}
  m_PrefabAsset: {fileID: 0}
  m_GameObject: {fileID: 0}
  m_Enabled: 1
  m_EditorHideFlags: 0
  m_Script: {fileID: 11500000, guid: b3f6fa6ace288334fb2fce9261d9270e, type: 3}
  m_Name: 
  m_EditorClassIdentifier: 
  m_bRoot: 0
  m_parent: {fileID: 11400000}
  m_eNodeCat: 1
  m_eNodeTag: 0
  m_strTitle: BT.BA.Cdt.VSBAAllEvent
  m_strPath: Assets/BattleArea/MapData/Test2.asset
  m_wndNodeRect:
    serializedVersion: 2
    x: 1314.4586
    y: 430
    width: 330
    height: 390
  m_nNodeID: 107
  m_bRepeat: 1
  m_eEventType: 1
  m_eSuccessValue: 1
  m_eFailValue: 2
  m_eMonsterType: 10
  m_bBoolean0: 0
  m_nIntData0: 0
  m_nIntData1: 0
  m_fFloatData0: 0
  m_fFloatData1: 0
  m_fRunningTime: 0
  m_eReturnValue: 0
